@inproceedings{app1,
  title={Multi-view clustering.},
  author={Bickel, Steffen and Scheffer, Tobias},
  booktitle={ICDM},
  volume={4},
  pages={19--26},
  year={2004}
}

@article{app2,
  title={Laplacian multiset canonical correlations for multiview feature extraction and image recognition},
  author={Yuan, Yun-Hao and Li, Yun and Shen, Xiao-Bo and Sun, Quan-Sen and Yang, Jin-Long},
  journal={Multimedia Tools and Applications},
  volume={76},
  number={1},
  pages={731--755},
  year={2017},
  publisher={Springer}
}

@article{app3,
  title={Flexible multi-view dimensionality co-reduction},
  author={Zhang, Changqing and Fu, Huazhu and Hu, Qinghua and Zhu, Pengfei and Cao, Xiaochun},
  journal={IEEE Transactions on Image Processing},
  volume={26},
  number={2},
  pages={648--659},
  year={2016},
  publisher={IEEE}
}

@inproceedings{app4,
  title={Robust multi-view subspace learning through dual low-rank decompositions},
  author={Ding, Zhengming and Fu, Yun},
  booktitle={Thirtieth AAAI conference on artificial intelligence},
  year={2016}
}

@article{app5,
  title={Block-row sparse multiview multilabel learning for image classification},
  author={Zhu, Xiaofeng and Li, Xuelong and Zhang, Shichao},
  journal={IEEE transactions on cybernetics},
  volume={46},
  number={2},
  pages={450--461},
  year={2015},
  publisher={IEEE}
}

@inproceedings{app6,
  title={Adaptive unsupervised multi-view feature selection for visual concept recognition},
  author={Feng, Yinfu and Xiao, Jun and Zhuang, Yueting and Liu, Xiaoming},
  booktitle={Asian conference on computer vision},
  pages={343--357},
  year={2012},
  organization={Springer}
}

@article{singleview,
  title={Multi-view intact space learning},
  author={Xu, Chang and Tao, Dacheng and Xu, Chao},
  journal={IEEE transactions on pattern analysis and machine intelligence},
  volume={37},
  number={12},
  pages={2531--2544},
  year={2015},
  publisher={IEEE}
}

@article{tao_survey,
  title={A survey on multi-view learning},
  author={Xu, Chang and Tao, Dacheng and Xu, Chao},
  journal={arXiv preprint arXiv:1304.5634},
  year={2013}
}

@article{LBP,
  title={Multiresolution gray-scale and rotation invariant texture classification with local binary patterns},
  author={Ojala, Timo and Pietikainen, Matti and Maenpaa, Topi},
  journal={IEEE Transactions on pattern analysis and machine intelligence},
  volume={24},
  number={7},
  pages={971--987},
  year={2002},
  publisher={IEEE}
}

@inproceedings{HOG,
  title={Histograms of oriented gradients for human detection},
  author={Dalal, Navneet and Triggs, Bill},
  booktitle={2005 IEEE computer society conference on computer vision and pattern recognition (CVPR'05)},
  volume={1},
  pages={886--893},
  year={2005},
  organization={IEEE}
}

@article{SIFT,
  title={Distinctive image features from scale-invariant keypoints},
  author={Lowe, David G},
  journal={International journal of computer vision},
  volume={60},
  number={2},
  pages={91--110},
  year={2004},
  publisher={Springer}
}

@article{CCA,
  title={Relations between two sets of variates},
  author={Hotelling, Harold},
  journal={Biometrika},
  volume={28},
  number={3/4},
  pages={321--377},
  year={1936},
  publisher={JSTOR}
}

@article{KCCA,
  title={A kernel method for canonical correlation analysis},
  author={Akaho, Shotaro},
  journal={arXiv preprint cs/0609071},
  year={2006}
}

@inproceedings{DCCA,
  title={Learning discriminative canonical correlations for object recognition with image sets},
  author={Kim, Tae-Kyun and Kittler, Josef and Cipolla, Roberto},
  booktitle={European Conference on Computer Vision},
  pages={251--262},
  year={2006},
  organization={Springer}
}

@inproceedings{CDA,
  title={Discriminant analysis in correlation similarity measure space},
  author={Ma, Yong and Lao, Shihong and Takikawa, Erina and Kawade, Masato},
  booktitle={Proceedings of the 24th international conference on Machine learning},
  pages={577--584},
  year={2007},
  organization={ACM}
}

@article{2D-CCA,
  title={Two-dimensional canonical correlation analysis},
  author={Lee, Sun Ho and Choi, Seungjin},
  journal={IEEE Signal Processing Letters},
  volume={14},
  number={10},
  pages={735--738},
  year={2007},
  publisher={IEEE}
}

@article{Sparse-CCA,
  title={Sparse canonical correlation analysis},
  author={Hardoon, David R and Shawe-Taylor, John},
  journal={Machine Learning},
  volume={83},
  number={3},
  pages={331--353},
  year={2011},
  publisher={Springer}
}

@article{PLS,
  title={Bypassing synthesis: PLS for face recognition with pose, low-resolution and sketch},
  author={Sharma, Abhishek and Jacobs, David W},
  year={2011},
  publisher={IEEE}
}

@article{KPLS,
  title={Kernel partial least squares regression in reproducing kernel hilbert space},
  author={Rosipal, Roman and Trejo, Leonard J},
  journal={Journal of machine learning research},
  volume={2},
  number={Dec},
  pages={97--123},
  year={2001}
}

@inproceedings{MCCA,
  title={Multi-view canonical correlation analysis},
  author={Rupnik, Jan and Shawe-Taylor, John},
  booktitle={Conference on Data Mining and Data Warehouses (SiKDD 2010)},
  pages={1--4},
  year={2010}
}

@article{TCCA,
  title={Tensor canonical correlation analysis for multi-view dimension reduction},
  author={Luo, Yong and Tao, Dacheng and Ramamohanarao, Kotagiri and Xu, Chao and Wen, Yonggang},
  journal={IEEE transactions on Knowledge and Data Engineering},
  volume={27},
  number={11},
  pages={3111--3124},
  year={2015},
  publisher={IEEE}
}

@article{MULDA,
  title={Multiview uncorrelated discriminant analysis},
  author={Sun, Shiliang and Xie, Xijiong and Yang, Mo},
  journal={IEEE transactions on cybernetics},
  volume={46},
  number={12},
  pages={3272--3284},
  year={2015},
  publisher={IEEE}
}

@inproceedings{SVM-2K,
  title={Two view learning: SVM-2K, theory and practice},
  author={Farquhar, Jason and Hardoon, David and Meng, Hongying and Shawe-taylor, John S and Szedmak, Sandor},
  booktitle={Advances in neural information processing systems},
  pages={355--362},
  year={2006}
}

@article{SVM,
  title={Least squares support vector machine classifiers},
  author={Suykens, Johan AK and Vandewalle, Joos},
  journal={Neural processing letters},
  volume={9},
  number={3},
  pages={293--300},
  year={1999},
  publisher={Springer}
}

@article{MvTSVMs,
  title={Multi-view twin support vector machines},
  author={Xie, Xijiong and Sun, Shiliang},
  journal={Intelligent Data Analysis},
  volume={19},
  number={4},
  pages={701--712},
  year={2015},
  publisher={IOS Press}
}

@article{TSVMs,
  title={Twin support vector machines for pattern classification},
  author={Khemchandani, R and Chandra, Suresh and others},
  journal={IEEE Transactions on pattern analysis and machine intelligence},
  volume={29},
  number={5},
  pages={905--910},
  year={2007},
  publisher={IEEE}
}

@inproceedings{MLSVM,
  title={Multi-view Laplacian support vector machines},
  author={Sun, Shiliang},
  booktitle={International Conference on Advanced Data Mining and Applications},
  pages={209--222},
  year={2011},
  organization={Springer}
}

@article{PSVM-2V,
  title={Multiview privileged support vector machines},
  author={Tang, Jingjing and Tian, Yingjie and Zhang, Peng and Liu, Xiaohui},
  journal={IEEE transactions on neural networks and learning systems},
  volume={29},
  number={8},
  pages={3463--3477},
  year={2017},
  publisher={IEEE}
}

@article{MvDA,
  title={Multi-view discriminant analysis},
  author={Kan, Meina and Shan, Shiguang and Zhang, Haihong and Lao, Shihong and Chen, Xilin},
  journal={IEEE transactions on pattern analysis and machine intelligence},
  volume={38},
  number={1},
  pages={188--194},
  year={2016},
  publisher={IEEE}
}

@article{LapMCCA,
  title={Laplacian multiset canonical correlations for multiview feature extraction and image recognition},
  author={Yuan, Yun Hao and Li, Yun and Shen, Xiao Bo and Sun, Quan Sen and Yang, Jin Long},
  journal={Multimedia Tools \& Applications},
  volume={76},
  number={1},
  pages={731-755},
  year={2017},
}

@article{LPCCA,
  title={Locality preserving CCA with applications to data visualization and pose estimation},
  author={Sun, Tingkai and Chen, Songcan},
  journal={Image and Vision Computing},
  volume={25},
  number={5},
  pages={531--543},
  year={2007},
  publisher={Elsevier}
}

@article{MLDC2A,
  title={Multi-view local discrimination and canonical correlation analysis for image classification},
  author={Han, Lu and Jing, Xiao-Yuan and Wu, Fei},
  journal={Neurocomputing},
  volume={275},
  pages={1087--1098},
  year={2018},
  publisher={Elsevier}
}

@article{MSE,
  title={Multiview spectral embedding},
  author={Xia, Tian and Tao, Dacheng and Mei, Tao and Zhang, Yongdong},
  journal={IEEE Transactions on Systems, Man, and Cybernetics, Part B (Cybernetics)},
  volume={40},
  number={6},
  pages={1438--1446},
  year={2010},
  publisher={IEEE}
}

@article{GrMCC,
  title={Graph regularized multiset canonical correlations with applications to joint feature extraction},
  author={Yuan, Yun Hao and Sun, Quan Sen},
  journal={Pattern Recognition},
  volume={47},
  number={12},
  pages={3907-3919},
  year={2014},
}

@article{xiangzhu,
  title={Multi-view Locality Low-rank Embedding for Dimension Reduction},
  author={Feng, Lin and Meng, Xiangzhu and Wang, Huibing},
  journal={Knowledge-Based Systems},
  volume={191},
  pages={105172},
  year={2020},
  publisher={Elsevier}
}

@article{MvLLS,
  title={Multi-view laplacian least squares for human emotion recognition},
  author={Guo, Shuai and Feng, Lin and Feng, Zhan-Bo and Li, Yi-Hao and Wang, Yang and Liu, Sheng-Lan and Qiao, Hong},
  journal={Neurocomputing},
  volume={370},
  pages={78--87},
  year={2019},
  publisher={Elsevier}
}

@article{zhou2018multiview,
  title={Multiview latent space learning with feature redundancy minimization},
  author={Zhou, Tao and Zhang, Changqing and Gong, Chen and Bhaskar, Harish and Yang, Jie},
  journal={IEEE transactions on cybernetics},
  year={2018},
  publisher={IEEE}
}

@article{yue2019robust,
  title={Robust Multiview Subspace Learning With Nonindependently and Nonidentically Distributed Complex Noise},
  author={Yue, Zongsheng and Yong, Hongwei and Meng, Deyu and Zhao, Qian and Leung, Yee and Zhang, Lei},
  journal={IEEE transactions on neural networks and learning systems},
  year={2019},
  publisher={IEEE}
}

@inproceedings{MvMED,
  title={Multi-view maximum entropy discrimination},
  author={Sun, Shiliang and Chao, Guoqing},
  booktitle={Twenty-third international joint conference on artificial intelligence},
  year={2013}
}

@article{MED-2C,
  title={Consensus and complementarity based maximum entropy discrimination for multi-view classification},
  author={Chao, Guoqing and Sun, Shiliang},
  journal={Information Sciences},
  volume={367},
  pages={296--310},
  year={2016},
  publisher={Elsevier}
}

@article{AMMED,
  title={Alternative multiview maximum entropy discrimination},
  author={Chao, Guoqing and Sun, Shiliang},
  journal={IEEE transactions on neural networks and learning systems},
  volume={27},
  number={7},
  pages={1445--1456},
  year={2015},
  publisher={IEEE}
}

@inproceedings{GMA,
  title={Generalized multiview analysis: A discriminative latent space},
  author={Sharma, Abhishek and Kumar, Abhishek and Daume, Hal and Jacobs, David W},
  booktitle={Computer Vision and Pattern Recognition (CVPR), 2012 IEEE Conference on},
  pages={2160--2167},
  year={2012},
  organization={IEEE}
}

@article{GME,
  title={Generalized multi-view embedding for visual recognition and cross-modal retrieval},
  author={Cao, Guanqun and Iosifidis, Alexandros and Chen, Ke and Gabbouj, Moncef},
  journal={IEEE transactions on cybernetics},
  volume={48},
  number={9},
  pages={2542--2555},
  year={2018},
  publisher={IEEE}
}

@book{KyFan,
  title={Matrix analysis},
  author={Bhatia, Rajendra},
  volume={169},
  year={2013},
  publisher={Springer Science \& Business Media}
}

@article{MUDA,
  title={Multiview uncorrelated discriminant analysis},
  author={Sun, Shiliang and Xie, Xijiong and Yang, Mo},
  journal={IEEE transactions on cybernetics},
  volume={46},
  number={12},
  pages={3272--3284},
  year={2015},
  publisher={IEEE}
}

@article{MVLPP,
  title={Multiview Uncorrelated Locality Preserving Projection},
  author={Yin, Jun and Sun, Shiliang},
  journal={IEEE transactions on neural networks and learning systems},
  year={2019},
  publisher={IEEE}
}

@article{MvML,
  title={Multi-view manifold learning with locality alignment},
  author={Zhao, Yue and You, Xinge and Yu, Shujian and Xu, Chang and Yuan, Wei and Jing, Xiao-Yuan and Zhang, Taiping and Tao, Dacheng},
  journal={Pattern Recognition},
  volume={78},
  pages={154--166},
  year={2018},
  publisher={Elsevier}
}

@article{LE,
  title={Laplacian eigenmaps for dimensionality reduction and data representation},
  author={Belkin, Mikhail and Niyogi, Partha},
  journal={Neural computation},
  volume={15},
  number={6},
  pages={1373--1396},
  year={2003},
  publisher={MIT Press}
}

@article{Horst,
  title={Relations amongm sets of measures},
  author={Horst, Paul},
  journal={Psychometrika},
  volume={26},
  number={2},
  pages={129--149},
  year={1961},
  publisher={Springer}
}